%% This BibTeX bibliography file was created using BibDesk.
%% http://bibdesk.sourceforge.net/

%% Created for Alexander Müller at 2015-01-15 09:24:49 +0100


%% Saved with string encoding Unicode (UTF-8)



@article{OteroCerdeira2015949,
	Author = {Lorena Otero-Cerdeira and Francisco J. Rodr{\~A}-guez-Mart{\~A}-nez and Alma G{\~A}³mez-Rodr{\~A}-guez},
	Date-Added = {2015-01-15 08:24:02 +0000},
	Date-Modified = {2015-01-15 08:24:02 +0000},
	Doi = {http://dx.doi.org/10.1016/j.eswa.2014.08.032},
	Issn = {0957-4174},
	Journal = {Expert Systems with Applications},
	Keywords = {User survey},
	Number = {2},
	Pages = {949 - 971},
	Title = {Ontology matching: A literature review},
	Url = {http://www.sciencedirect.com/science/article/pii/S0957417414005144},
	Volume = {42},
	Year = {2015},
	Bdsk-Url-1 = {http://www.sciencedirect.com/science/article/pii/S0957417414005144},
	Bdsk-Url-2 = {http://dx.doi.org/10.1016/j.eswa.2014.08.032}}

@incollection{Kumar:2015aa,
	Author = {Kumar, Satish and Singh, Vikram},
	Booktitle = {Computational Intelligence in Data Mining - Volume 3},
	Date-Added = {2015-01-15 08:23:37 +0000},
	Date-Modified = {2015-01-15 08:23:38 +0000},
	Doi = {10.1007/978-81-322-2202-6_12},
	Editor = {Jain, Lakhmi C. and Behera, Himansu Sekhar and Mandal, Jyotsna Kumar and Mohapatra, Durga Prasad},
	Isbn = {978-81-322-2201-9},
	Keywords = {Ontology; String-based technique; Structure-based technique; Levenshtein distance; Matching; Similarity; Ontology integration},
	Language = {English},
	Pages = {135-148},
	Publisher = {Springer India},
	Series = {Smart Innovation, Systems and Technologies},
	Title = {Multi-strategy Based Matching Technique for Ontology Integration},
	Url = {http://dx.doi.org/10.1007/978-81-322-2202-6_12},
	Volume = {33},
	Year = {2015},
	Bdsk-Url-1 = {http://dx.doi.org/10.1007/978-81-322-2202-6_12}}

@article{cheatham2014properties,
	Author = {Cheatham, Michelle and Hitzler, Pascal},
	Date-Added = {2015-01-15 08:17:27 +0000},
	Date-Modified = {2015-01-15 08:17:27 +0000},
	Journal = {Ontology Matching},
	Pages = {13},
	Title = {The properties of property alignment},
	Year = {2014}}

@article{Agreste2014190,
	Author = {Santa Agreste and Pasquale De Meo and Emilio Ferrara and Domenico Ursino},
	Date-Added = {2015-01-15 08:11:38 +0000},
	Date-Modified = {2015-01-15 08:11:38 +0000},
	Doi = {http://dx.doi.org/10.1016/j.knosys.2014.04.044},
	Issn = {0950-7051},
	Journal = {Knowledge-Based Systems},
	Keywords = {Uncertainty management in \{XML\} Matchers},
	Number = {0},
	Pages = {190 - 209},
	Title = {\{XML\} Matchers: Approaches and challenges},
	Url = {http://www.sciencedirect.com/science/article/pii/S0950705114001749},
	Volume = {66},
	Year = {2014},
	Bdsk-Url-1 = {http://www.sciencedirect.com/science/article/pii/S0950705114001749},
	Bdsk-Url-2 = {http://dx.doi.org/10.1016/j.knosys.2014.04.044}}

@inproceedings{6818306,
	Author = {Elshwimy, F.A. and Algergawy, A. and Sarhan, A. and Sallam, E.A.},
	Booktitle = {Data Engineering Workshops (ICDEW), 2014 IEEE 30th International Conference on},
	Date-Added = {2015-01-15 08:09:36 +0000},
	Date-Modified = {2015-01-15 08:09:36 +0000},
	Doi = {10.1109/ICDEW.2014.6818306},
	Keywords = {data handling;learning (artificial intelligence);pattern matching;e-business;experimental weights;generalized mean;individual base matcher;machine learning;optimal weights;schema matching;shared data applications;similarity based techniques;similarity measurement;Aggregates;Current measurement;Educational institutions;Equations;Harmonic analysis;Open wireless architecture;XML},
	Month = {March},
	Pages = {74-79},
	Title = {Aggregation of similarity measures in schema matching based on generalized mean},
	Year = {2014},
	Bdsk-Url-1 = {http://dx.doi.org/10.1109/ICDEW.2014.6818306}}

@article{chuttur2011challenges,
	Author = {Chuttur, M Yasser},
	Date-Added = {2015-01-15 07:58:46 +0000},
	Date-Modified = {2015-01-15 07:58:46 +0000},
	Journal = {Research Journal of Information Technology},
	Number = {1},
	Pages = {33--42},
	Title = {Challenges faced by ontology matching techniques: Case Study of the OAEI Datasets},
	Volume = {3},
	Year = {2011}}

@incollection{Faria:2013aa,
	Author = {Faria, Daniel and Pesquita, Catia and Santos, Emanuel and Palmonari, Matteo and Cruz, IsabelF. and Couto, FranciscoM.},
	Booktitle = {On the Move to Meaningful Internet Systems: OTM 2013 Conferences},
	Doi = {10.1007/978-3-642-41030-7_38},
	Editor = {Meersman, Robert and Panetto, Herv{\~A}{\copyright} and Dillon, Tharam and Eder, Johann and Bellahsene, Zohra and Ritter, Norbert and De Leenheer, Pieter and Dou, Deijing},
	Isbn = {978-3-642-41029-1},
	Language = {English},
	Pages = {527-541},
	Publisher = {Springer Berlin Heidelberg},
	Series = {Lecture Notes in Computer Science},
	Title = {The AgreementMakerLight Ontology Matching System},
	Url = {http://dx.doi.org/10.1007/978-3-642-41030-7_38},
	Volume = {8185},
	Year = {2013},
	Bdsk-Url-1 = {http://dx.doi.org/10.1007/978-3-642-41030-7_38}}

@incollection{JimACnez-Ruiz:2011aa,
	Author = {Jim{\~A}{\copyright}nez-Ruiz, Ernesto and Cuenca Grau, Bernardo},
	Booktitle = {The Semantic Web {\^a} ISWC 2011},
	Date-Added = {2015-01-14 19:51:55 +0000},
	Date-Modified = {2015-01-14 19:51:56 +0000},
	Doi = {10.1007/978-3-642-25073-6_18},
	Editor = {Aroyo, Lora and Welty, Chris and Alani, Harith and Taylor, Jamie and Bernstein, Abraham and Kagal, Lalana and Noy, Natasha and Blomqvist, Eva},
	Isbn = {978-3-642-25072-9},
	Language = {English},
	Pages = {273-288},
	Publisher = {Springer Berlin Heidelberg},
	Series = {Lecture Notes in Computer Science},
	Title = {LogMap: Logic-Based and Scalable Ontology Matching},
	Url = {http://dx.doi.org/10.1007/978-3-642-25073-6_18},
	Volume = {7031},
	Year = {2011},
	Bdsk-Url-1 = {http://dx.doi.org/10.1007/978-3-642-25073-6_18}}

@article{bodenreider2004unified,
	Author = {Bodenreider, Olivier},
	Date-Added = {2015-01-14 17:48:37 +0000},
	Date-Modified = {2015-01-14 17:48:37 +0000},
	Journal = {Nucleic acids research},
	Number = {suppl 1},
	Pages = {D267--D270},
	Publisher = {Oxford Univ Press},
	Title = {The unified medical language system (UMLS): integrating biomedical terminology},
	Volume = {32},
	Year = {2004}}

@book{fellbaum1998wordnet,
	Author = {Fellbaum, Christiane},
	Date-Added = {2015-01-14 17:48:02 +0000},
	Date-Modified = {2015-01-14 17:48:02 +0000},
	Publisher = {Wiley Online Library},
	Title = {WordNet},
	Year = {1998}}

@inproceedings{euzenat2014,
	Author = {Euzenat, J.},
	Booktitle = {Ontology Matching},
	Date-Added = {2015-01-14 17:36:04 +0000},
	Date-Modified = {2015-01-14 17:37:09 +0000},
	Title = {Results of the Results of the Ontology Alignment Evaluation Initiative 2014},
	Year = {2014}}

@proceedings{omworkshop2014,
	Date-Added = {2015-01-14 17:33:57 +0000},
	Date-Modified = {2015-01-15 08:21:55 +0000},
	Editor = {Shvaiko, Pavel and J{\'e}r{\^o}me Euzenat and Ming Mao and Ernesto Jim{\'e}nez-Ruiz and Juanzi Li and Axel Ngonga},
	Number = {9},
	Publisher = {CEUR Workshop Proceedings},
	Title = {Ontology Matching},
	Year = {2014}}

@article{albagli2012markov,
	Author = {Albagli, Sivan and Ben-Eliyahu-Zohary, Rachel and Shimony, Solomon E},
	Date-Added = {2015-01-14 17:29:10 +0000},
	Date-Modified = {2015-01-14 17:29:10 +0000},
	Journal = {Journal of Computer and System Sciences},
	Number = {1},
	Pages = {105--118},
	Publisher = {Elsevier},
	Title = {Markov network based ontology matching},
	Volume = {78},
	Year = {2012}}

@incollection{Euzenat:2011aa,
	Author = {Euzenat, J{\~A}{\copyright}r{\~A}{\v Z}me and Meilicke, Christian and Stuckenschmidt, Heiner and Shvaiko, Pavel and Trojahn, C{\~A}{!'}ssia},
	Booktitle = {Journal on Data Semantics XV},
	Date-Added = {2015-01-14 17:20:47 +0000},
	Date-Modified = {2015-01-14 17:20:49 +0000},
	Doi = {10.1007/978-3-642-22630-4_6},
	Editor = {Spaccapietra, Stefano},
	Isbn = {978-3-642-22629-8},
	Keywords = {Evaluation; experimentation; benchmarking; ontology matching; ontology alignment; schema matching; semantic technologies},
	Language = {English},
	Pages = {158-192},
	Publisher = {Springer Berlin Heidelberg},
	Series = {Lecture Notes in Computer Science},
	Title = {Ontology Alignment Evaluation Initiative: Six Years of Experience},
	Url = {http://dx.doi.org/10.1007/978-3-642-22630-4_6},
	Volume = {6720},
	Year = {2011},
	Bdsk-Url-1 = {http://dx.doi.org/10.1007/978-3-642-22630-4_6}}

@standard{OWL2a,
	Added-At = {2013-07-16T00:29:41.000+0200},
	Author = {(W3C), World Wide Web Consortium},
	Biburl = {http://www.bibsonomy.org/bibtex/2a12d06ee2eb69c6ff285988b35153d9f/reynares.e},
	Date-Added = {2015-01-12 10:04:14 +0000},
	Date-Modified = {2015-01-12 10:04:14 +0000},
	Interhash = {85f3c6ea8183b3f66c9cba3b8f26d105},
	Intrahash = {a12d06ee2eb69c6ff285988b35153d9f},
	Keywords = {OWL standard},
	Timestamp = {2013-07-16T00:29:41.000+0200},
	Title = {OWL 2 Web Ontology Language. Structural Specification and Functional-Style Syntax},
	Url = {http://www.w3.org/TR/2009/REC-owl2-syntax-20091027/},
	Year = 2009,
	Bdsk-Url-1 = {http://www.w3.org/TR/2009/REC-owl2-syntax-20091027/}}

@techreport{bechhofer04,
	Added-At = {2009-11-25T18:41:14.000+0100},
	Address = {http://www.w3.org/TR/owl-ref/},
	Author = {Bechhofer, Sean and van Harmelen, Frank and Hendler, Jim and Horrocks, Ian and McGuinness, Deborah L. and Patel-Schneider, Peter F. and Stein, Lynn Andrea},
	Biburl = {http://www.bibsonomy.org/bibtex/2fd309efe1d267447a15113f8aec77dc2/sonntag},
	Date-Added = {2015-01-12 09:58:45 +0000},
	Date-Modified = {2015-01-12 09:59:52 +0000},
	Description = {Daniel Sonntag all references},
	Institution = {W3C},
	Interhash = {a88b5e9d8158d7a1ac810db76ff0205e},
	Intrahash = {fd309efe1d267447a15113f8aec77dc2},
	Month = {February},
	Owner = {sonntag},
	Timestamp = {2009-11-25T18:41:14.000+0100},
	Title = {OWL Web Ontology Language Reference},
	Year = 2004}

@book{Antoniou:2012,
	Address = {Cambridge, MA, USA},
	Author = {Antoniou, Grigoris and Groth, Paul and vanHarmelen, Frank and Hoekstra, Rinke},
	Date-Added = {2015-01-09 11:17:41 +0000},
	Date-Modified = {2015-01-09 11:22:05 +0000},
	Isbn = {978-0-262-01828-9},
	Publisher = {MIT Press},
	Rating = {5},
	Read = {1},
	Title = {A Semantic Web Primer},
	Year = {2012}}

@book{Baader:2003,
	Address = {New York, NY, USA},
	Date-Added = {2015-01-09 09:49:17 +0000},
	Date-Modified = {2015-01-09 09:49:29 +0000},
	Editor = {Baader, Franz and Calvanese, Diego and McGuinness, Deborah L. and Nardi, Daniele and Patel-Schneider, Peter F.},
	Isbn = {0-521-78176-0},
	Publisher = {Cambridge University Press},
	Title = {The Description Logic Handbook: Theory, Implementation, and Applications},
	Year = {2003}}

@inproceedings{Guarino95,
	Author = {Nicola Guarino and Pierdaniele Giaretta},
	Booktitle = {Towards very Large Knowledge bases: Knowledge Building and Knowledge sharing},
	Date-Added = {2015-01-08 14:30:15 +0000},
	Date-Modified = {2015-01-08 14:30:20 +0000},
	Pages = {25--32},
	Publisher = {IOS Press},
	Title = {Ontologies and knowledge bases: Towards a terminological clarification},
	Year = {1995}}

@article{Studer:1998,
	Acmid = {290553},
	Address = {Amsterdam, The Netherlands, The Netherlands},
	Author = {Studer, Rudi and Benjamins, V. Richard and Fensel, Dieter},
	Date-Added = {2015-01-08 14:25:32 +0000},
	Date-Modified = {2015-01-08 14:25:37 +0000},
	Doi = {10.1016/S0169-023X(97)00056-6},
	Issn = {0169-023X},
	Issue_Date = {March 1998},
	Journal = {Data Knowl. Eng.},
	Keywords = {information integration, knowledge acquistion, knowledge engineering, ontology, problem-solving method},
	Month = mar,
	Number = {1-2},
	Numpages = {37},
	Pages = {161--197},
	Publisher = {Elsevier Science Publishers B. V.},
	Title = {Knowledge Engineering: Principles and Methods},
	Url = {http://dx.doi.org/10.1016/S0169-023X(97)00056-6},
	Volume = {25},
	Year = {1998},
	Bdsk-Url-1 = {http://dx.doi.org/10.1016/S0169-023X(97)00056-6}}

@article{Gruber:1995,
	Acmid = {219701},
	Address = {Duluth, MN, USA},
	Author = {Gruber, Thomas R.},
	Date-Added = {2015-01-08 14:13:03 +0000},
	Date-Modified = {2015-01-08 14:13:08 +0000},
	Doi = {10.1006/ijhc.1995.1081},
	Issn = {1071-5819},
	Issue_Date = {Nov./Dec. 1995},
	Journal = {Int. J. Hum.-Comput. Stud.},
	Month = dec,
	Number = {5-6},
	Numpages = {22},
	Pages = {907--928},
	Publisher = {Academic Press, Inc.},
	Title = {Toward Principles for the Design of Ontologies Used for Knowledge Sharing},
	Url = {http://dx.doi.org/10.1006/ijhc.1995.1081},
	Volume = {43},
	Year = {1995},
	Bdsk-Url-1 = {http://dx.doi.org/10.1006/ijhc.1995.1081}}

@article{Guarino:1997,
	Acmid = {250543},
	Address = {Duluth, MN, USA},
	Author = {Guarino, Nicola},
	Date-Added = {2015-01-08 14:00:06 +0000},
	Date-Modified = {2015-01-08 14:09:39 +0000},
	Doi = {10.1006/ijhc.1996.0091},
	Issn = {1071-5819},
	Issue_Date = {Feb./March 1997},
	Journal = {Int. J. Hum.-Comput. Stud.},
	Month = mar,
	Number = {2-3},
	Numpages = {18},
	Pages = {293--310},
	Publisher = {Academic Press, Inc.},
	Title = {Understanding, Building and Using Ontologies},
	Url = {http://dx.doi.org/10.1006/ijhc.1996.0091},
	Volume = {46},
	Year = {1997},
	Bdsk-Url-1 = {http://dx.doi.org/10.1006/ijhc.1996.0091}}

@book{paulheim2011ontology,
	Author = {Paulheim, H.},
	Date-Added = {2015-01-08 13:54:41 +0000},
	Date-Modified = {2015-01-08 13:54:41 +0000},
	Isbn = {9781461414308},
	Publisher = {Springer},
	Series = {SpringerLink : B{\"u}cher},
	Title = {Ontology-based Application Integration},
	Year = {2011}}

@incollection{Rahm:2011aa,
	Author = {Rahm, Erhard},
	Booktitle = {Schema Matching and Mapping},
	Date-Added = {2015-01-08 10:42:00 +0000},
	Date-Modified = {2015-01-08 10:42:02 +0000},
	Doi = {10.1007/978-3-642-16518-4_1},
	Editor = {Bellahsene, Zohra and Bonifati, Angela and Rahm, Erhard},
	Isbn = {978-3-642-16517-7},
	Language = {English},
	Pages = {3-27},
	Publisher = {Springer Berlin Heidelberg},
	Series = {Data-Centric Systems and Applications},
	Title = {Towards Large-Scale Schema and Ontology Matching},
	Url = {http://dx.doi.org/10.1007/978-3-642-16518-4_1},
	Year = {2011},
	Bdsk-Url-1 = {http://dx.doi.org/10.1007/978-3-642-16518-4_1}}

@article{dragisicresults,
	Author = {Dragisic, Zlatan and Eckert, Kai and Euzenat, J{\'e}r{\^o}me and Faria12, Daniel and Ferrara, Alfio and Granada, Roger and Ivanova, Valentina and Jim{\'e}nez-Ruiz, Ernesto and Kempf, Andreas Oskar and Lambrix, Patrick and others},
	Date-Added = {2015-01-08 10:33:08 +0000},
	Date-Modified = {2015-01-15 08:22:22 +0000},
	Title = {Results of the Ontology Alignment Evaluation Initiative 2014},
	Year = {2014}}

@inproceedings{euzenat2003towards,
	Author = {Euzenat, J{\'e}r{\^o}me},
	Booktitle = {Proc. ISWC-2003 workshop on semantic information integration},
	Date-Added = {2015-01-08 09:32:07 +0000},
	Date-Modified = {2015-01-08 09:32:07 +0000},
	Pages = {165--166},
	Title = {Towards composing and benchmarking ontology alignments},
	Year = {2003}}

@article{Rahm:2001,
	Acmid = {767154},
	Address = {Secaucus, NJ, USA},
	Author = {Rahm, Erhard and Bernstein, Philip A.},
	Date-Added = {2015-01-07 11:04:37 +0000},
	Date-Modified = {2015-01-07 11:04:45 +0000},
	Doi = {10.1007/s007780100057},
	Issn = {1066-8888},
	Issue_Date = {December 2001},
	Journal = {The VLDB Journal},
	Keywords = {Graph matching, Machine learning, Model management, Schema integration, Schema matching},
	Month = dec,
	Number = {4},
	Numpages = {17},
	Pages = {334--350},
	Publisher = {Springer-Verlag New York, Inc.},
	Title = {A Survey of Approaches to Automatic Schema Matching},
	Url = {http://dx.doi.org/10.1007/s007780100057},
	Volume = {10},
	Year = {2001},
	Bdsk-Url-1 = {http://dx.doi.org/10.1007/s007780100057}}

@book{euzenat2013d,
	Address = {Heidelberg (DE)},
	Author = {J\'er\^ome Euzenat and Pavel Shvaiko},
	Date-Added = {2015-01-07 11:00:25 +0000},
	Date-Modified = {2015-01-07 11:00:25 +0000},
	Edition = {2nd},
	Language = {english},
	Page = 520,
	Publisher = {Springer-Verlag},
	Title = {Ontology matching},
	Year = 2013}

@incollection{euzenat2004api,
	Author = {Euzenat, J{\'e}r{\^o}me},
	Booktitle = {The Semantic Web--ISWC 2004},
	Date-Added = {2015-01-07 09:34:51 +0000},
	Date-Modified = {2015-01-07 09:34:51 +0000},
	Pages = {698--712},
	Publisher = {Springer},
	Title = {An API for ontology alignment},
	Year = {2004}}

@book{ehrig2006ontology,
	Author = {Ehrig, M.},
	Date-Added = {2015-01-07 09:27:49 +0000},
	Date-Modified = {2015-01-07 09:27:49 +0000},
	Isbn = {9780387328058},
	Lccn = {2006928852},
	Publisher = {Springer US},
	Series = {Semantic Web and Beyond},
	Title = {Ontology Alignment: Bridging the Semantic Gap},
	Url = {http://books.google.de/books?id=sQWTNQEACAAJ},
	Year = {2006},
	Bdsk-Url-1 = {http://books.google.de/books?id=sQWTNQEACAAJ}}

@incollection{Cheatham:2013aa,
	Author = {Cheatham, Michelle and Hitzler, Pascal},
	Booktitle = {The Semantic Web {\^a} ISWC 2013},
	Date-Added = {2014-12-02 16:23:32 +0000},
	Date-Modified = {2014-12-02 16:23:33 +0000},
	Doi = {10.1007/978-3-642-41338-4_19},
	Editor = {Alani, Harith and Kagal, Lalana and Fokoue, Achille and Groth, Paul and Biemann, Chris and Parreira, JosianeXavier and Aroyo, Lora and Noy, Natasha and Welty, Chris and Janowicz, Krzysztof},
	Isbn = {978-3-642-41337-7},
	Language = {English},
	Pages = {294-309},
	Publisher = {Springer Berlin Heidelberg},
	Series = {Lecture Notes in Computer Science},
	Title = {String Similarity Metrics for Ontology Alignment},
	Url = {http://dx.doi.org/10.1007/978-3-642-41338-4_19},
	Volume = {8219},
	Year = {2013},
	Bdsk-Url-1 = {http://dx.doi.org/10.1007/978-3-642-41338-4_19}}

@inproceedings{Stoilos:2005:SMO:2079844.2079891,
	Acmid = {2079891},
	Address = {Berlin, Heidelberg},
	Author = {Stoilos, Giorgos and Stamou, Giorgos and Kollias, Stefanos},
	Booktitle = {Proceedings of the 4th International Conference on The Semantic Web},
	Date-Added = {2014-12-02 14:48:26 +0000},
	Date-Modified = {2014-12-02 14:48:26 +0000},
	Doi = {10.1007/11574620_45},
	Isbn = {3--540-29754-5, 978-3-540-29754-3},
	Location = {Galway, Ireland},
	Numpages = {14},
	Pages = {624--637},
	Publisher = {Springer-Verlag},
	Series = {ISWC'05},
	Title = {A String Metric for Ontology Alignment},
	Url = {http://dx.doi.org/10.1007/11574620_45},
	Year = {2005},
	Bdsk-Url-1 = {http://dx.doi.org/10.1007/11574620_45}}

@inproceedings{lin1998information,
	Author = {Lin, Dekang},
	Booktitle = {ICML},
	Date-Added = {2014-12-02 14:41:01 +0000},
	Date-Modified = {2014-12-02 14:41:01 +0000},
	Pages = {296--304},
	Title = {An information-theoretic definition of similarity.},
	Volume = {98},
	Year = {1998}}

@incollection{Ngo:2012ab,
	Author = {Ngo, DuyHoa and Bellahsene, Zohra},
	Booktitle = {Knowledge Engineering and Knowledge Management},
	Date-Added = {2014-12-02 12:20:14 +0000},
	Date-Modified = {2014-12-02 12:20:16 +0000},
	Doi = {10.1007/978-3-642-33876-2_38},
	Editor = {ten Teije, Annette and V{\~A}¶lker, Johanna and Handschuh, Siegfried and Stuckenschmidt, Heiner and d{\^a}Acquin, Mathieu and Nikolov, Andriy and Aussenac-Gilles, Nathalie and Hernandez, Nathalie},
	Isbn = {978-3-642-33875-5},
	Language = {English},
	Pages = {421-425},
	Publisher = {Springer Berlin Heidelberg},
	Series = {Lecture Notes in Computer Science},
	Title = {YAM++ : A Multi-strategy Based Approach for Ontology Matching Task},
	Url = {http://dx.doi.org/10.1007/978-3-642-33876-2_38},
	Volume = {7603},
	Year = {2012},
	Bdsk-Url-1 = {http://dx.doi.org/10.1007/978-3-642-33876-2_38}}

@article{todo1,
	Author = {TODO},
	Date-Added = {2014-12-02 12:12:31 +0000},
	Date-Modified = {2014-12-02 12:13:11 +0000},
	Journal = {TODO},
	Title = {State-of-the Art: A Comparative Analysis of Ontology Matching Systems},
	Year = {2012}}

@article{nezhadi2011ontology,
	Author = {Nezhadi, Azadeh Haratian and Shadgar, Bita and Osareh, Alireza},
	Date-Added = {2014-12-02 12:01:10 +0000},
	Date-Modified = {2014-12-02 12:01:10 +0000},
	Journal = {International Journal of Computer Science \& Information Technology},
	Number = {2},
	Pages = {139},
	Publisher = {Academy \& Industry Research Collaboration Center(AIRCC)},
	Title = {Ontology alignment using machine learning techniques},
	Volume = {3},
	Year = {2011}}

@inproceedings{Peukert:2011:RCM:2063576.2063982,
	Acmid = {2063982},
	Address = {New York, NY, USA},
	Author = {Peukert, Eric and Eberius, Julian and Rahm, Erhard},
	Booktitle = {Proceedings of the 20th ACM International Conference on Information and Knowledge Management},
	Date-Added = {2014-12-02 11:24:18 +0000},
	Date-Modified = {2014-12-02 11:24:18 +0000},
	Doi = {10.1145/2063576.2063982},
	Isbn = {978-1-4503-0717-8},
	Keywords = {features, matching process, matching system, rewrite rules},
	Location = {Glasgow, Scotland, UK},
	Numpages = {4},
	Pages = {2421--2424},
	Publisher = {ACM},
	Series = {CIKM '11},
	Title = {Rule-based Construction of Matching Processes},
	Url = {http://doi.acm.org/10.1145/2063576.2063982},
	Year = {2011},
	Bdsk-Url-1 = {http://doi.acm.org/10.1145/2063576.2063982},
	Bdsk-Url-2 = {http://dx.doi.org/10.1145/2063576.2063982}}

@inproceedings{Voigt:2010:MCM:1774088.1774563,
	Acmid = {1774563},
	Address = {New York, NY, USA},
	Author = {Voigt, Konrad and Ivanov, Petko and Rummler, Andreas},
	Booktitle = {Proceedings of the 2010 ACM Symposium on Applied Computing},
	Date-Added = {2014-12-02 11:22:19 +0000},
	Date-Modified = {2014-12-02 11:22:19 +0000},
	Doi = {10.1145/1774088.1774563},
	Isbn = {978-1-60558-639-7},
	Keywords = {mapping generation, meta-model matching, model engineering},
	Location = {Sierre, Switzerland},
	Numpages = {8},
	Pages = {2281--2288},
	Publisher = {ACM},
	Series = {SAC '10},
	Title = {MatchBox: Combined Meta-model Matching for Semi-automatic Mapping Generation},
	Url = {http://doi.acm.org/10.1145/1774088.1774563},
	Year = {2010},
	Bdsk-Url-1 = {http://doi.acm.org/10.1145/1774088.1774563},
	Bdsk-Url-2 = {http://dx.doi.org/10.1145/1774088.1774563}}

@inproceedings{Bock:2012:MSP:2238316.2238323,
	Acmid = {2238323},
	Address = {Berlin, Heidelberg},
	Author = {Bock, J\"{u}rgen and Rudolph, Sebastian and Mutter, Michael},
	Booktitle = {Proceedings of the 7th International Conference on Foundations of Information and Knowledge Systems},
	Date-Added = {2014-12-02 11:21:25 +0000},
	Date-Modified = {2014-12-02 11:21:25 +0000},
	Doi = {10.1007/978-3-642-28472-4_5},
	Isbn = {978-3-642-28471-7},
	Location = {Kiel, Germany},
	Numpages = {20},
	Pages = {71--90},
	Publisher = {Springer-Verlag},
	Series = {FoIKS'12},
	Title = {More Than the Sum of Its Parts --- Holistic Ontology Alignment by Population-based Optimisation},
	Url = {http://dx.doi.org/10.1007/978-3-642-28472-4_5},
	Year = {2012},
	Bdsk-Url-1 = {http://dx.doi.org/10.1007/978-3-642-28472-4_5}}

@inproceedings{Kargar-Ghavi:2011:GDM:1988688.1988739,
	Acmid = {1988739},
	Address = {New York, NY, USA},
	Articleno = {43},
	Author = {Kargar-Ghavi, Mahdieh and Khayyambashi, Mohammad Reza},
	Booktitle = {Proceedings of the International Conference on Web Intelligence, Mining and Semantics},
	Date-Added = {2014-12-02 11:19:18 +0000},
	Date-Modified = {2014-12-02 11:19:18 +0000},
	Doi = {10.1145/1988688.1988739},
	Isbn = {978-1-4503-0148-0},
	Keywords = {decision making, fuzzy set theory, mapping aggregation, ontology matching, semantic web},
	Location = {Sogndal, Norway},
	Numpages = {8},
	Pages = {43:1--43:8},
	Publisher = {ACM},
	Series = {WIMS '11},
	Title = {Group Decision Making in Ontology Matching},
	Url = {http://doi.acm.org/10.1145/1988688.1988739},
	Year = {2011},
	Bdsk-Url-1 = {http://doi.acm.org/10.1145/1988688.1988739},
	Bdsk-Url-2 = {http://dx.doi.org/10.1145/1988688.1988739}}

@article{5156500,
	Author = {Mascardi, V. and Locoro, A. and Rosso, P.},
	Date-Added = {2014-12-02 11:08:46 +0000},
	Date-Modified = {2014-12-02 11:08:46 +0000},
	Doi = {10.1109/TKDE.2009.154},
	Issn = {1041-4347},
	Journal = {Knowledge and Data Engineering, IEEE Transactions on},
	Keywords = {ontologies (artificial intelligence);English suffixes;automatic ontology matching;matching algorithms;ontology depth;ontology matching process;structural alignment;systematic evaluation;Algorithm design and analysis;Bridges;Database systems;Delay;Government;Humans;Impedance;Ontologies;Semantic Web;Web services;Ontology matching;upper ontology.},
	Month = {May},
	Number = {5},
	Pages = {609-623},
	Title = {Automatic Ontology Matching via Upper Ontologies: A Systematic Evaluation},
	Volume = {22},
	Year = {2010},
	Bdsk-Url-1 = {http://dx.doi.org/10.1109/TKDE.2009.154}}

@inproceedings{6613032,
	Author = {Geesaman, P.L. and Cordy, J.R. and Zouaq, A.},
	Booktitle = {Software Clones (IWSC), 2013 7th International Workshop on},
	Date-Added = {2014-12-02 10:54:16 +0000},
	Date-Modified = {2014-12-02 10:54:16 +0000},
	Doi = {10.1109/IWSC.2013.6613032},
	Keywords = {knowledge representation languages;ontologies (artificial intelligence);semantic Web;simulation languages;OWL;WSDL;Web documents;best-match clone detection;contextualization;lightweight ontology alignment algorithm;modelling languages;near-miss clone detection;semantic Web;Cloning;Gold;OWL;Ontologies;Standards;XML;Clone detection techniques;OWL;ontology alignment;ontology matching},
	Month = {May},
	Pages = {1-7},
	Title = {Light-weight ontology alignment using best-match clone detection},
	Year = {2013},
	Bdsk-Url-1 = {http://dx.doi.org/10.1109/IWSC.2013.6613032}}

@inproceedings{6816594,
	Author = {Abbas, M.A. and Berio, G.},
	Booktitle = {Semantics, Knowledge and Grids (SKG), 2013 Ninth International Conference on},
	Date-Added = {2014-12-02 10:51:57 +0000},
	Date-Modified = {2014-12-02 10:51:57 +0000},
	Doi = {10.1109/SKG.2013.42},
	Keywords = {data integration;ontologies (artificial intelligence);pattern matching;query processing;Galois connections;comparative analysis tasks;compatible ontology mappings;consensual mapping;data integration;human intervention;incompatible ontology mappings;ontology matching tools;ontology merging;query answering;source ontology;Concrete;Context;Educational institutions;Merging;Ontologies;Taxonomy;Compatible mappings;Galois connections;Incompatible mappings;Ontology mapping;Ontology merging},
	Month = {Oct},
	Pages = {129-134},
	Title = {Ontology Merging: Compatible and Incompatible Ontology Mappings},
	Year = {2013},
	Bdsk-Url-1 = {http://dx.doi.org/10.1109/SKG.2013.42}}

@inproceedings{6335775,
	Author = {Acampora, G. and Kaymak, U. and Loia, V. and Vitiello, A.},
	Booktitle = {Computational Intelligence (UKCI), 2012 12th UK Workshop on},
	Date-Added = {2014-12-02 10:46:07 +0000},
	Date-Modified = {2014-12-02 10:46:07 +0000},
	Doi = {10.1109/UKCI.2012.6335775},
	Keywords = {data handling;genetic algorithms;ontologies (artificial intelligence);pattern matching;OAEI benchmark dataset;complex optimization process;genetic algorithms;hill climbing;hybrid approach;ontology alignment;ontology entities;ontology matching;similarity aggregation;similarity value;Benchmark testing;Biological cells;Genetics;Memetics;Ontologies;Proposals;Sociology},
	Month = {Sept},
	Pages = {1-6},
	Title = {Hybridizing genetic algorithms and hill climbing for similarity aggregation in ontology matching},
	Year = {2012},
	Bdsk-Url-1 = {http://dx.doi.org/10.1109/UKCI.2012.6335775}}

@article{6104044,
	Author = {Shvaiko, P. and Euzenat, J.},
	Date-Added = {2014-12-02 10:45:07 +0000},
	Date-Modified = {2014-12-02 10:45:07 +0000},
	Doi = {10.1109/TKDE.2011.253},
	Issn = {1041-4347},
	Journal = {Knowledge and Data Engineering, IEEE Transactions on},
	Keywords = {ontologies (artificial intelligence);future challenges;ontology matching;state of the art challenges;Databases;OWL;Ontologies;Resource description framework;Semantics;Thesauri;Vocabulary;Semantic heterogeneity;ontology alignment;ontology matching;schema matching;semantic technologies},
	Month = {Jan},
	Number = {1},
	Pages = {158-176},
	Title = {Ontology Matching: State of the Art and Future Challenges},
	Volume = {25},
	Year = {2013},
	Bdsk-Url-1 = {http://dx.doi.org/10.1109/TKDE.2011.253}}

@inproceedings{6900544,
	Author = {Acampora, G. and Ishibuchi, H. and Vitiello, A.},
	Booktitle = {Evolutionary Computation (CEC), 2014 IEEE Congress on},
	Date-Added = {2014-12-02 10:43:46 +0000},
	Date-Modified = {2014-12-02 10:43:46 +0000},
	Doi = {10.1109/CEC.2014.6900544},
	Keywords = {data integration;evolutionary computation;ontologies (artificial intelligence);EA;OMOPSO;data integration purpose;heterogeneous data sources;hypervolume measure;multi-objective optimization;multiobjective evolutionary algorithms;ontology alignment process;ontology matching;ontology meta-matching problem;ontology-based systems;set coverage measure;Evolutionary computation;Indexes;Measurement;Ontologies;Sociology;Statistics;Vectors},
	Month = {July},
	Pages = {413-420},
	Title = {A comparison of multi-objective evolutionary algorithms for the ontology meta-matching problem},
	Year = {2014},
	Bdsk-Url-1 = {http://dx.doi.org/10.1109/CEC.2014.6900544}}

@article{Martinez-Gil:jucs_18_2:maf_an_ontology_matching,
	Abstract = {In this work, we present our experience when developing the Matching Framework (MaF), a framework for matching ontologies that allows users to configure their own ontology matching algorithms and it allows developers to perform research on new complex algorithms. MaF provides numerical results instead of logic results provided by other kinds of algorithms. The framework can be configured by selecting the simple algorithms which will be used from a set of 136 basic algorithms, indicating exactly how many and how these algorithms will be composed and selecting the thresholds for retrieving the most promising mappings. Output results are provided in a standard format so that they can be used in many existing tools (evaluators, mediators, viewers, and so on) which follow this standard. The main goal of our work is not to better the existing solutions for ontology matching, but to help research new ways of combining algorithms in order to meet specific needs. In fact, the system can test more than 6 * 136! possible combinations of algorithms, but the graphical interface is designed to simplify the matching process.},
	Author = {Jorge Martinez-Gil and Ismael Navas-Delgado and Jose F. Aldana-Montes},
	Date = {2012-01-28},
	Date-Added = {2014-12-02 10:37:57 +0000},
	Date-Modified = {2014-12-02 10:37:57 +0000},
	Journal = j-jucs,
	Month = {jan},
	Note = {\url|http://www.jucs.org/jucs_18_2/maf_an_ontology_matching|},
	Number = {2},
	Pages = {194--217},
	Title = {MaF: An Ontology Matching Framework},
	Volume = {18},
	Year = {2012}}

@incollection{Duan:2011aa,
	Author = {Duan, Songyun and Fokoue, Achille and Srinivas, Kavitha and Byrne, Brian},
	Booktitle = {The Semantic Web {\^a} ISWC 2011},
	Date-Added = {2014-12-02 10:36:08 +0000},
	Date-Modified = {2014-12-02 10:36:09 +0000},
	Doi = {10.1007/978-3-642-25073-6_10},
	Editor = {Aroyo, Lora and Welty, Chris and Alani, Harith and Taylor, Jamie and Bernstein, Abraham and Kagal, Lalana and Noy, Natasha and Blomqvist, Eva},
	Isbn = {978-3-642-25072-9},
	Language = {English},
	Pages = {146-161},
	Publisher = {Springer Berlin Heidelberg},
	Series = {Lecture Notes in Computer Science},
	Title = {A Clustering-Based Approach to Ontology Alignment},
	Url = {http://dx.doi.org/10.1007/978-3-642-25073-6_10},
	Volume = {7031},
	Year = {2011},
	Bdsk-Url-1 = {http://dx.doi.org/10.1007/978-3-642-25073-6_10}}

@inproceedings{6228093,
	Author = {Peukert, E. and Eberius, J. and Rahm, E.},
	Booktitle = {Data Engineering (ICDE), 2012 IEEE 28th International Conference on},
	Date-Added = {2014-12-02 10:35:15 +0000},
	Date-Modified = {2014-12-02 10:35:15 +0000},
	Doi = {10.1109/ICDE.2012.21},
	Issn = {1063-6382},
	Keywords = {data integration;data structures;meta data;ontologies (artificial intelligence);pattern matching;automatic matching system;complex metadata structure mapping;data integration;generated mapping evaluation;mapping generation;model management domain;ontology alignment;self-configuring schema matching system;Adaptive systems;Libraries;Noise;Ontologies;Pattern matching;Robustness;Tuning},
	Month = {April},
	Pages = {306-317},
	Title = {A Self-Configuring Schema Matching System},
	Year = {2012},
	Bdsk-Url-1 = {http://dx.doi.org/10.1109/ICDE.2012.21}}

@incollection{Ichise:2009aa,
	Author = {Ichise, Ryutaro},
	Booktitle = {New Frontiers in Artificial Intelligence},
	Date-Added = {2014-12-02 10:33:19 +0000},
	Date-Modified = {2014-12-02 10:33:21 +0000},
	Doi = {10.1007/978-3-642-00609-8_3},
	Editor = {Hattori, Hiromitsu and Kawamura, Takahiro and Id{\~A}{\copyright}, Tsuyoshi and Yokoo, Makoto and Murakami, Yohei},
	Isbn = {978-3-642-00608-1},
	Language = {English},
	Pages = {15-25},
	Publisher = {Springer Berlin Heidelberg},
	Series = {Lecture Notes in Computer Science},
	Title = {Evaluation of Similarity Measures for Ontology Mapping},
	Url = {http://dx.doi.org/10.1007/978-3-642-00609-8_3},
	Volume = {5447},
	Year = {2009},
	Bdsk-Url-1 = {http://dx.doi.org/10.1007/978-3-642-00609-8_3}}

@incollection{Ngo:2012aa,
	Author = {Ngo, DuyHoa and Bellahsene, Zohra and Coletta, Remi},
	Booktitle = {IS Olympics: Information Systems in a Diverse World},
	Date-Added = {2014-12-02 10:29:10 +0000},
	Date-Modified = {2014-12-02 10:29:12 +0000},
	Doi = {10.1007/978-3-642-29749-6_6},
	Editor = {Nurcan, Selmin},
	Isbn = {978-3-642-29748-9},
	Keywords = {Ontology matching; machine learning; flexibility; self-configuration; cost-sensitive classification},
	Language = {English},
	Pages = {79-94},
	Publisher = {Springer Berlin Heidelberg},
	Series = {Lecture Notes in Business Information Processing},
	Title = {A Flexible System for Ontology Matching},
	Url = {http://dx.doi.org/10.1007/978-3-642-29749-6_6},
	Volume = {107},
	Year = {2012},
	Bdsk-Url-1 = {http://dx.doi.org/10.1007/978-3-642-29749-6_6}}

@article{vsvab2006combining,
	Author = {{\v{S}}v{\'a}b, Ondrej and Sv{\'a}tek, Vojtech},
	Date-Added = {2014-12-02 10:19:44 +0000},
	Date-Modified = {2014-12-02 10:19:44 +0000},
	Journal = {Ontology Matching},
	Pages = {206},
	Title = {Combining ontology mapping methods using bayesian networks},
	Year = {2006}}

@article{isaac2008using,
	Author = {Isaac, Antoine and Trojahn, C{\'a}ssia and Wang, Shenghui and Quaresma, Paulo},
	Date-Added = {2014-12-02 10:18:37 +0000},
	Date-Modified = {2014-12-02 10:18:37 +0000},
	Title = {Using quantitative aspects of alignment generation for argumentation on mappings},
	Year = {2008}}

@inproceedings{4529843,
	Author = {Ichise, R.},
	Booktitle = {Computer and Information Science, 2008. ICIS 08. Seventh IEEE/ACIS International Conference on},
	Date-Added = {2014-12-02 10:16:39 +0000},
	Date-Modified = {2014-12-02 10:16:39 +0000},
	Doi = {10.1109/ICIS.2008.51},
	Keywords = {learning (artificial intelligence);ontologies (artificial intelligence);F-measure;machine learning approach;multiple concept similarity measures;ontology mapping;precision;recall;Decision making;Informatics;Information science;Internet;Joining processes;Machine learning;Measurement standards;Ontologies;Semantic Web;Testing;machine learning;ontology mapping;semantic integration;semantic web},
	Month = {May},
	Pages = {340-346},
	Title = {Machine Learning Approach for Ontology Mapping Using Multiple Concept Similarity Measures},
	Year = {2008},
	Bdsk-Url-1 = {http://dx.doi.org/10.1109/ICIS.2008.51}}

@article{Doan:2003:LMO:953238.953241,
	Acmid = {953241},
	Address = {Secaucus, NJ, USA},
	Author = {Doan, AnHai and Madhavan, Jayant and Dhamankar, Robin and Domingos, Pedro and Halevy, Alon},
	Date-Added = {2014-12-02 10:14:16 +0000},
	Date-Modified = {2014-12-02 10:14:16 +0000},
	Doi = {10.1007/s00778-003-0104-2},
	Issn = {1066-8888},
	Issue_Date = {November 2003},
	Journal = {The VLDB Journal},
	Keywords = {Machine learning, Ontology matching, Relaxation labeling, Semantic Web},
	Month = nov,
	Number = {4},
	Numpages = {17},
	Pages = {303--319},
	Publisher = {Springer-Verlag New York, Inc.},
	Title = {Learning to Match Ontologies on the Semantic Web},
	Url = {http://dx.doi.org/10.1007/s00778-003-0104-2},
	Volume = {12},
	Year = {2003},
	Bdsk-Url-1 = {http://dx.doi.org/10.1007/s00778-003-0104-2}}

@misc{Domshlak06rankaggregation,
	Author = {Carmel Domshlak and Avigdor Gal and Haggai Roitman},
	Date-Added = {2014-12-01 12:55:30 +0000},
	Date-Modified = {2014-12-01 12:55:30 +0000},
	Title = {Rank Aggregation for Automatic Schema Matching},
	Year = {2006}}

@incollection{Trojahn:2011aa,
	Author = {Trojahn, C{\~A}{!'}ssia and Euzenat, J{\~A}{\copyright}r{\~A}{\v Z}me and Tamma, Valentina and Payne, TerryR.},
	Booktitle = {Semantic Agent Systems},
	Date-Added = {2014-12-01 12:54:14 +0000},
	Date-Modified = {2014-12-01 12:54:16 +0000},
	Doi = {10.1007/978-3-642-18308-9_5},
	Editor = {El{\~A}{\S}i, Atilla and Kon{\~A}{\copyright}, MamadouTadiou and Orgun, MehmetA.},
	Isbn = {978-3-642-18307-2},
	Language = {English},
	Pages = {89-111},
	Publisher = {Springer Berlin Heidelberg},
	Series = {Studies in Computational Intelligence},
	Title = {Argumentation for Reconciling Agent Ontologies},
	Url = {http://dx.doi.org/10.1007/978-3-642-18308-9_5},
	Volume = {344},
	Year = {2011},
	Bdsk-Url-1 = {http://dx.doi.org/10.1007/978-3-642-18308-9_5}}

@article{spiliopoulos2012synthesizing,
	Author = {Spiliopoulos, Vassilis and Vouros, George A},
	Date-Added = {2014-12-01 12:53:25 +0000},
	Date-Modified = {2014-12-01 12:53:25 +0000},
	Journal = {Knowledge and Data Engineering, IEEE Transactions on},
	Number = {5},
	Pages = {940--951},
	Publisher = {IEEE},
	Title = {Synthesizing ontology alignment methods using the max-sum algorithm},
	Volume = {24},
	Year = {2012}}

@incollection{Marie:2008aa,
	Author = {Marie, Anan and Gal, Avigdor},
	Booktitle = {On the Move to Meaningful Internet Systems: OTM 2008},
	Date-Added = {2014-12-01 12:47:01 +0000},
	Date-Modified = {2014-12-01 12:47:02 +0000},
	Doi = {10.1007/978-3-540-88871-0_20},
	Editor = {Meersman, Robert and Tari, Zahir},
	Isbn = {978-3-540-88870-3},
	Language = {English},
	Pages = {283-300},
	Publisher = {Springer Berlin Heidelberg},
	Series = {Lecture Notes in Computer Science},
	Title = {Boosting Schema Matchers},
	Url = {http://dx.doi.org/10.1007/978-3-540-88871-0_20},
	Volume = {5331},
	Year = {2008},
	Bdsk-Url-1 = {http://dx.doi.org/10.1007/978-3-540-88871-0_20}}

@article{Doan:2001:RSD:376284.375731,
	Acmid = {375731},
	Address = {New York, NY, USA},
	Author = {Doan, AnHai and Domingos, Pedro and Halevy, Alon Y.},
	Date-Added = {2014-12-01 12:46:08 +0000},
	Date-Modified = {2014-12-01 12:46:08 +0000},
	Doi = {10.1145/376284.375731},
	Issn = {0163-5808},
	Issue_Date = {June 2001},
	Journal = {SIGMOD Rec.},
	Month = may,
	Number = {2},
	Numpages = {12},
	Pages = {509--520},
	Publisher = {ACM},
	Title = {Reconciling Schemas of Disparate Data Sources: A Machine-learning Approach},
	Url = {http://doi.acm.org/10.1145/376284.375731},
	Volume = {30},
	Year = {2001},
	Bdsk-Url-1 = {http://doi.acm.org/10.1145/376284.375731},
	Bdsk-Url-2 = {http://dx.doi.org/10.1145/376284.375731}}

@inproceedings{Eckert:2009:IOM:1561533.1561553,
	Acmid = {1561553},
	Address = {Berlin, Heidelberg},
	Author = {Eckert, Kai and Meilicke, Christian and Stuckenschmidt, Heiner},
	Booktitle = {Proceedings of the 6th European Semantic Web Conference on The Semantic Web: Research and Applications},
	Date-Added = {2014-12-01 12:44:32 +0000},
	Date-Modified = {2014-12-01 12:44:32 +0000},
	Doi = {10.1007/978-3-642-02121-3_15},
	Isbn = {978-3-642-02120-6},
	Location = {Heraklion, Crete, Greece},
	Numpages = {15},
	Pages = {158--172},
	Publisher = {Springer-Verlag},
	Series = {ESWC 2009 Heraklion},
	Title = {Improving Ontology Matching Using Meta-level Learning},
	Url = {http://dx.doi.org/10.1007/978-3-642-02121-3_15},
	Year = {2009},
	Bdsk-Url-1 = {http://dx.doi.org/10.1007/978-3-642-02121-3_15}}

@article{Lee:2007:ETS:1176878.1176879,
	Acmid = {1176879},
	Address = {Secaucus, NJ, USA},
	Author = {Lee, Yoonkyong and Sayyadian, Mayssam and Doan, AnHai and Rosenthal, Arnon S.},
	Date-Added = {2014-12-01 12:43:34 +0000},
	Date-Modified = {2014-12-01 12:43:34 +0000},
	Doi = {10.1007/s00778-006-0024-z},
	Issn = {1066-8888},
	Issue_Date = {January 2007},
	Journal = {The VLDB Journal},
	Keywords = {Compositional approach, Machine learning, Schema matching, Synthetic schemas, Tuning},
	Month = jan,
	Number = {1},
	Numpages = {26},
	Pages = {97--122},
	Publisher = {Springer-Verlag New York, Inc.},
	Title = {eTuner: Tuning Schema Matching Software Using Synthetic Scenarios},
	Url = {http://dx.doi.org/10.1007/s00778-006-0024-z},
	Volume = {16},
	Year = {2007},
	Bdsk-Url-1 = {http://dx.doi.org/10.1007/s00778-006-0024-z}}

@inproceedings{Mochol:2008:TRM:1434069.1434084,
	Acmid = {1434084},
	Address = {Berlin, Heidelberg},
	Author = {Mochol, Malgorzata and Jentzsch, Anja},
	Booktitle = {Proceedings of the 16th International Conference on Knowledge Engineering: Practice and Patterns},
	Date-Added = {2014-12-01 12:42:07 +0000},
	Date-Modified = {2014-12-01 12:42:07 +0000},
	Doi = {10.1007/978-3-540-87696-0_12},
	Isbn = {978-3-540-87695-3},
	Location = {Acitrezza, Italy},
	Numpages = {11},
	Pages = {109--119},
	Publisher = {Springer-Verlag},
	Series = {EKAW '08},
	Title = {Towards a Rule-Based Matcher Selection},
	Url = {http://dx.doi.org/10.1007/978-3-540-87696-0_12},
	Year = {2008},
	Bdsk-Url-1 = {http://dx.doi.org/10.1007/978-3-540-87696-0_12}}

@incollection{Huza:2007aa,
	Author = {Huza, M. and Harzallah, M. and Trichet, F.},
	Booktitle = {Enterprise Interoperability II},
	Date-Added = {2014-12-01 12:41:07 +0000},
	Date-Modified = {2014-12-01 12:41:10 +0000},
	Doi = {10.1007/978-1-84628-858-6_42},
	Editor = {Gon{\~A}{\S}alves, RicardoJ. and M{\~A}{\OE}ller, J{\~A}¶rgP. and Mertins, Kai and Zelm, Martin},
	Isbn = {978-1-84628-857-9},
	Language = {English},
	Pages = {377-388},
	Publisher = {Springer London},
	Title = {OntoMas: a Tutoring System dedicated to Ontology Matching},
	Url = {http://dx.doi.org/10.1007/978-1-84628-858-6_42},
	Year = {2007},
	Bdsk-Url-1 = {http://dx.doi.org/10.1007/978-1-84628-858-6_42}}

@inproceedings{Mochol06applyingan,
	Author = {Malgorzata Mochol and Anja Jentzsch and J{\'e}r{\^o}me Euzenat},
	Booktitle = {In: Ontology Matching Workshop, ISWC},
	Date-Added = {2014-12-01 12:37:31 +0000},
	Date-Modified = {2014-12-01 12:37:31 +0000},
	Title = {Applying an analytic method for matching approach selection},
	Year = {2006}}

@article{David2011AlignmentAPI,
	Abstract = {Alignments represent correspondences between entities of two ontologies. They are produced from the ontologies by ontology matchers. In order for matchers to exchange alignments and for applications to manipulate matchers and alignments, a minimal agreement is necessary. The Alignment API provides abstractions for the notions of network of ontologies, alignments and correspondences as well as building blocks for manipulating them such as matchers, evaluators, renderers and parsers. We recall the building blocks of this API and present here the version 4 of the Alignment API through some of its new features: ontology proxys, the expressive alignment language EDOAL and evaluation primitives.},
	Added-At = {2012-06-07T11:49:07.000+0200},
	Author = {David, J{\'e}r{\^o}me and Euzenat, J{\'e}r{\^o}me and Scharffe, Fran{\c c}ois and Trojahn dos Santos, C{\'a}ssia},
	Biburl = {http://www.bibsonomy.org/bibtex/207544259f940be1aa04baa91b6ea3141/asalber},
	Date-Added = {2014-11-19 14:25:12 +0000},
	Date-Modified = {2014-11-19 14:25:12 +0000},
	Interhash = {221248c01af0f1f137ab128a6d336cdd},
	Intrahash = {07544259f940be1aa04baa91b6ea3141},
	Journal = {Semantic Web -- Interoperability, Usability, Applicability},
	Keywords = {ontology-alignment},
	Number = 1,
	Pages = {3--10},
	Timestamp = {2012-06-07T11:49:07.000+0200},
	Title = {The Alignment API 4.0},
	Url = {http://www.semantic-web-journal.net/sites/default/files/swj60_1.pdf},
	Volume = 2,
	Year = 2011,
	Bdsk-Url-1 = {http://www.semantic-web-journal.net/sites/default/files/swj60_1.pdf}}

@comment{BibDesk Static Groups{
<?xml version="1.0" encoding="UTF-8"?>
<!DOCTYPE plist PUBLIC "-//Apple//DTD PLIST 1.0//EN" "http://www.apple.com/DTDs/PropertyList-1.0.dtd">
<plist version="1.0">
<array>
	<dict>
		<key>group name</key>
		<string>Base Matcher</string>
		<key>keys</key>
		<string>lin1998information,Cheatham:2013aa,bodenreider2004unified,Stoilos:2005:SMO:2079844.2079891,fellbaum1998wordnet</string>
	</dict>
	<dict>
		<key>group name</key>
		<string>OAEI Reports</string>
		<key>keys</key>
		<string>albagli2012markov,euzenat2014,omworkshop2014</string>
	</dict>
	<dict>
		<key>group name</key>
		<string>OAEI Systems</string>
		<key>keys</key>
		<string>JimACnez-Ruiz:2011aa,Faria:2013aa,Ngo:2012ab</string>
	</dict>
	<dict>
		<key>group name</key>
		<string>Ontology Definition</string>
		<key>keys</key>
		<string>Gruber:1995,Guarino:1997,paulheim2011ontology,Studer:1998,Guarino95</string>
	</dict>
	<dict>
		<key>group name</key>
		<string>OWL Basiscs</string>
		<key>keys</key>
		<string>Baader:2003,OWL2a,bechhofer04,Antoniou:2012</string>
	</dict>
	<dict>
		<key>group name</key>
		<string>Survey Papers</string>
		<key>keys</key>
		<string></string>
	</dict>
</array>
</plist>
}}
