%% This BibTeX bibliography file was created using BibDesk.
%% http://bibdesk.sourceforge.net/


%% Created for mueller at 2014-08-05 12:04:44 +0200 


%% Saved with string encoding Unicode (UTF-8) 



@inproceedings{Lesk:1986,
	Acmid = {318728},
	Address = {New York, NY, USA},
	Author = {Lesk, Michael},
	Booktitle = {Proceedings of the 5th Annual International Conference on Systems Documentation},
	Date-Added = {2014-08-04 07:19:49 +0000},
	Date-Modified = {2014-08-04 07:19:55 +0000},
	Doi = {10.1145/318723.318728},
	Isbn = {0-89791-224-1},
	Location = {Toronto, Ontario, Canada},
	Numpages = {3},
	Pages = {24--26},
	Publisher = {ACM},
	Series = {SIGDOC '86},
	Title = {Automatic Sense Disambiguation Using Machine Readable Dictionaries: How to Tell a Pine Cone from an Ice Cream Cone},
	Url = {http://doi.acm.org/10.1145/318723.318728},
	Year = {1986},
	Bdsk-Url-1 = {http://doi.acm.org/10.1145/318723.318728},
	Bdsk-Url-2 = {http://dx.doi.org/10.1145/318723.318728}}

@incollection{jain2010ontology,
	Author = {Jain, Prateek and Hitzler, Pascal and Sheth, Amit P and Verma, Kunal and Yeh, Peter Z},
	Booktitle = {The Semantic Web--ISWC 2010},
	Date-Added = {2014-08-02 10:41:07 +0000},
	Date-Modified = {2014-08-02 10:41:07 +0000},
	Pages = {402--417},
	Publisher = {Springer},
	Title = {Ontology alignment for linked open data},
	Year = {2010}}

@proceedings{DBLP:conf/semweb/2011om,
	Bibsource = {DBLP, http://dblp.uni-trier.de},
	Booktitle = {OM},
	Date-Added = {2014-08-02 10:27:41 +0000},
	Date-Modified = {2014-08-02 10:27:41 +0000},
	Editor = {Pavel Shvaiko and J{\'e}r{\^o}me Euzenat and Tom Heath and Christoph Quix and Ming Mao and Isabel F. Cruz},
	Ee = {http://ceur-ws.org/Vol-814},
	Publisher = {CEUR-WS.org},
	Series = {CEUR Workshop Proceedings},
	Title = {Proceedings of the 6th International Workshop on Ontology Matching, Bonn, Germany, October 24, 2011},
	Volume = {814},
	Year = {2011}}

@inproceedings{do2002coma,
	Author = {Do, Hong-Hai and Rahm, Erhard},
	Booktitle = {Proceedings of the 28th international conference on Very Large Data Bases},
	Date-Added = {2014-08-02 10:20:03 +0000},
	Date-Modified = {2014-08-02 10:20:03 +0000},
	Organization = {VLDB Endowment},
	Pages = {610--621},
	Title = {COMA: a system for flexible combination of schema matching approaches},
	Year = {2002}}

@techreport{bernstein2001,
	Author = {Philip A. Bernstein and Jayant Madhavan and Erhard Rahm},
	Date-Added = {2014-08-02 10:01:02 +0000},
	Date-Modified = {2014-08-02 10:01:45 +0000},
	Institution = {Microsoft Research},
	Month = {August},
	Number = {MSR-TR-2001-58},
	Pages = {15},
	Publisher = {Very Large Data Bases Endowment Inc.},
	Title = {Generic Schema Matching With Cupid},
	Url = {http://research.microsoft.com/apps/pubs/default.aspx?id=69875},
	Year = {2001},
	Bdsk-Url-1 = {http://research.microsoft.com/apps/pubs/default.aspx?id=69875}}

@inproceedings{Massmann11,
	Author = {Sabine Ma{\ss}mann and Salvatore Raunich and David Aum{\"u}ller and Patrick Arnold and Erhard Rahm},
	Bibsource = {DBLP, http://dblp.uni-trier.de},
	Booktitle = {OM},
	Crossref = {DBLP:conf/semweb/2011om},
	Date-Added = {2014-08-02 09:58:14 +0000},
	Date-Modified = {2014-08-02 09:58:28 +0000},
	Ee = {http://ceur-ws.org/Vol-814/om2011_Tpaper5.pdf},
	Title = {Evolution of the COMA match system},
	Year = {2011}}

@article{Suchanek:2011,
	Acmid = {2078332},
	Author = {Suchanek, Fabian M. and Abiteboul, Serge and Senellart, Pierre},
	Date-Added = {2014-08-02 09:47:19 +0000},
	Date-Modified = {2014-08-02 09:47:25 +0000},
	Doi = {10.14778/2078331.2078332},
	Issn = {2150-8097},
	Issue_Date = {November 2011},
	Journal = {Proc. VLDB Endow.},
	Month = nov,
	Number = {3},
	Numpages = {12},
	Pages = {157--168},
	Publisher = {VLDB Endowment},
	Title = {PARIS: Probabilistic Alignment of Relations, Instances, and Schema},
	Url = {http://dx.doi.org/10.14778/2078331.2078332},
	Volume = {5},
	Year = {2011},
	Bdsk-Url-1 = {http://dx.doi.org/10.14778/2078331.2078332}}

@inproceedings{gruetze2012,
	Author = {Gruetze, Toni and B{\"o}hm, Christoph and Naumann, Felix},
	Booktitle = {LDOW},
	Date-Added = {2014-08-02 09:46:22 +0000},
	Date-Modified = {2014-08-02 09:46:27 +0000},
	Title = {Holistic and Scalable Ontology Alignment for Linked Open Data.},
	Year = {2012}}

@incollection{duan2012instance,
	Author = {Duan, Songyun and Fokoue, Achille and Hassanzadeh, Oktie and Kementsietsidis, Anastasios and Srinivas, Kavitha and Ward, Michael J},
	Booktitle = {The Semantic Web--ISWC 2012},
	Date-Added = {2014-08-02 09:43:59 +0000},
	Date-Modified = {2014-08-02 09:43:59 +0000},
	Pages = {49--64},
	Publisher = {Springer},
	Title = {Instance-Based matching of large ontologies using locality-sensitive hashing},
	Year = {2012}}

@inproceedings{DasSarma2012,
	Acmid = {2213962},
	Address = {New York, NY, USA},
	Author = {Das Sarma, Anish and Fang, Lujun and Gupta, Nitin and Halevy, Alon and Lee, Hongrae and Wu, Fei and Xin, Reynold and Yu, Cong},
	Booktitle = {Proceedings of the 2012 ACM SIGMOD International Conference on Management of Data},
	Date-Added = {2014-08-02 08:28:06 +0000},
	Date-Modified = {2014-08-02 08:28:16 +0000},
	Doi = {10.1145/2213836.2213962},
	Isbn = {978-1-4503-1247-9},
	Keywords = {data integration, related tables, web tables},
	Location = {Scottsdale, Arizona, USA},
	Numpages = {12},
	Pages = {817--828},
	Publisher = {ACM},
	Series = {SIGMOD '12},
	Title = {Finding Related Tables},
	Url = {http://doi.acm.org/10.1145/2213836.2213962},
	Year = {2012},
	Bdsk-Url-1 = {http://doi.acm.org/10.1145/2213836.2213962},
	Bdsk-Url-2 = {http://dx.doi.org/10.1145/2213836.2213962}}

@webpage{commoncrawl,
	Date-Added = {2014-08-02 08:20:23 +0000},
	Date-Modified = {2014-08-02 08:20:31 +0000},
	Lastchecked = {Samstag, 2. August 2014},
	Title = {http://commoncrawl.org/},
	Bdsk-Url-1 = {http://commoncrawl.org/}}

@article{Cafarella:2008,
	Acmid = {1453916},
	Author = {Cafarella, Michael J. and Halevy, Alon and Wang, Daisy Zhe and Wu, Eugene and Zhang, Yang},
	Date-Added = {2014-08-02 07:45:05 +0000},
	Date-Modified = {2014-08-02 07:45:13 +0000},
	Doi = {10.14778/1453856.1453916},
	Issn = {2150-8097},
	Issue_Date = {August 2008},
	Journal = {Proc. VLDB Endow.},
	Month = aug,
	Number = {1},
	Numpages = {12},
	Pages = {538--549},
	Publisher = {VLDB Endowment},
	Title = {WebTables: Exploring the Power of Tables on the Web},
	Url = {http://dx.doi.org/10.14778/1453856.1453916},
	Volume = {1},
	Year = {2008},
	Bdsk-Url-1 = {http://dx.doi.org/10.14778/1453856.1453916}}

@article{Cafarella:2009,
	Acmid = {1687750},
	Author = {Cafarella, Michael J. and Halevy, Alon and Khoussainova, Nodira},
	Date-Added = {2014-08-02 07:44:00 +0000},
	Date-Modified = {2014-08-02 07:44:07 +0000},
	Doi = {10.14778/1687627.1687750},
	Issn = {2150-8097},
	Issue_Date = {August 2009},
	Journal = {Proc. VLDB Endow.},
	Month = aug,
	Number = {1},
	Numpages = {12},
	Pages = {1090--1101},
	Publisher = {VLDB Endowment},
	Title = {Data Integration for the Relational Web},
	Url = {http://dx.doi.org/10.14778/1687627.1687750},
	Volume = {2},
	Year = {2009},
	Bdsk-Url-1 = {http://dx.doi.org/10.14778/1687627.1687750}}

@inproceedings{grau2013oaei,
	Author = {Grau, Bernardo Cuenca and Dragisic, Zlatan and Eckert, Kai and Euzenat, J{\'e}r{\^o}me and Ferrara, Alfio and Granada, Roger and Ivanova, Valentina and Jim{\'e}nez-Ruiz, Ernesto and Kempf, Andreas Oskar and Lambrix, Patrick and others},
	Booktitle = {Proc. 8th ISWC workshop on ontology matching (OM)},
	Date-Added = {2014-08-02 06:57:14 +0000},
	Date-Modified = {2014-08-02 06:57:24 +0000},
	Pages = {61--100},
	Title = {Results of the ontology alignment evaluation initiative 2013},
	Year = {2013}}

@inproceedings{li1994,
	Author = {Li, Wen-Syan and Clifton, Chris},
	Booktitle = {VLDB},
	Date-Added = {2014-08-01 13:01:38 +0000},
	Date-Modified = {2014-08-01 13:01:45 +0000},
	Pages = {12--15},
	Title = {Semantic integration in heterogeneous databases using neural networks},
	Volume = {94},
	Year = {1994}}

@techreport{francis79,
	Added-At = {2008-02-29T17:14:20.000+0100},
	Author = {Francis, W. N. and Kucera, H.},
	Biburl = {http://www.bibsonomy.org/bibtex/260bb0c74c2ecced0632393e47eb64f48/sb3000},
	Date-Added = {2014-07-30 16:49:49 +0000},
	Date-Modified = {2014-07-30 16:49:55 +0000},
	Institution = {Department of Linguistics, Brown University, Providence, Rhode Island, US},
	Interhash = {119c367841941ad1a8f0db35d9f1c0b9},
	Intrahash = {60bb0c74c2ecced0632393e47eb64f48},
	Keywords = {corpus linguistics text-mining},
	Timestamp = {2008-02-29T17:14:20.000+0100},
	Title = {Brown Corpus Manual},
	Url = {http://icame.uib.no/brown/bcm.html},
	Year = 1979,
	Bdsk-Url-1 = {http://icame.uib.no/brown/bcm.html}}

@book{manning2008,
	Author = {Manning, Christopher D and Raghavan, Prabhakar and Sch{\"u}tze, Hinrich},
	Date-Added = {2014-07-30 16:47:43 +0000},
	Date-Modified = {2014-07-30 16:47:48 +0000},
	Publisher = {Cambridge university press Cambridge},
	Title = {Introduction to information retrieval},
	Volume = {1},
	Year = {2008}}

@article{levenshtein1966bcc,
	Added-At = {2012-01-26T13:12:53.000+0100},
	Author = {Levenshtein, VI},
	Biburl = {http://www.bibsonomy.org/bibtex/21a29b294552edb63828d57f3495e2eb2/khilgenberg},
	Date-Added = {2014-07-30 15:53:22 +0000},
	Date-Modified = {2014-07-30 15:53:22 +0000},
	Interhash = {55f7ad93fcb9ae3ed999afaa6e24937d},
	Intrahash = {1a29b294552edb63828d57f3495e2eb2},
	Journal = {Soviet Physics Doklady},
	Keywords = {2011 kde lexicography seminar similarity spam twitter},
	Pages = 707,
	Timestamp = {2012-01-26T13:12:53.000+0100},
	Title = {{Binary Codes Capable of Correcting Deletions, Insertions and Reversals}},
	Volume = 10,
	Year = 1966}

@inproceedings{Resnik:1995,
	Acmid = {1625914},
	Address = {San Francisco, CA, USA},
	Author = {Resnik, Philip},
	Booktitle = {Proceedings of the 14th International Joint Conference on Artificial Intelligence - Volume 1},
	Date-Added = {2014-07-30 15:36:43 +0000},
	Date-Modified = {2014-07-30 15:36:49 +0000},
	Isbn = {1-55860-363-8, 978-1-558-60363-9},
	Location = {Montreal, Quebec, Canada},
	Numpages = {6},
	Pages = {448--453},
	Publisher = {Morgan Kaufmann Publishers Inc.},
	Series = {IJCAI'95},
	Title = {Using Information Content to Evaluate Semantic Similarity in a Taxonomy},
	Url = {http://dl.acm.org/citation.cfm?id=1625855.1625914},
	Year = {1995},
	Bdsk-Url-1 = {http://dl.acm.org/citation.cfm?id=1625855.1625914}}

@incollection{Banerjee:2002,
	Author = {Banerjee, Satanjeev and Pedersen, Ted},
	Booktitle = {Computational Linguistics and Intelligent Text Processing},
	Date-Added = {2014-07-30 15:33:00 +0000},
	Date-Modified = {2014-07-30 15:33:09 +0000},
	Doi = {10.1007/3-540-45715-1_11},
	Editor = {Gelbukh, Alexander},
	Isbn = {978-3-540-43219-7},
	Language = {English},
	Pages = {136-145},
	Publisher = {Springer Berlin Heidelberg},
	Series = {Lecture Notes in Computer Science},
	Title = {An Adapted Lesk Algorithm for Word Sense Disambiguation Using WordNet},
	Url = {http://dx.doi.org/10.1007/3-540-45715-1_11},
	Volume = {2276},
	Year = {2002},
	Bdsk-Url-1 = {http://dx.doi.org/10.1007/3-540-45715-1_11}}

@book{fellbaum1998,
	Author = {Fellbaum, C.},
	Date-Added = {2014-07-30 15:14:45 +0000},
	Date-Modified = {2014-07-30 15:14:52 +0000},
	Isbn = {9780262061971},
	Lccn = {97048710},
	Publisher = {MIT Press},
	Series = {Language, speech, and communication},
	Title = {WordNet: An Electronic Lexical Database},
	Url = {http://books.google.fr/books?id=Rehu8OOzMIMC},
	Year = {1998},
	Bdsk-Url-1 = {http://books.google.fr/books?id=Rehu8OOzMIMC}}

@inproceedings{cohen1998integration,
	Author = {Cohen, William W},
	Booktitle = {ACM SIGMOD Record},
	Date-Added = {2014-07-30 10:42:36 +0000},
	Date-Modified = {2014-07-30 10:42:36 +0000},
	Number = {2},
	Organization = {ACM},
	Pages = {201--212},
	Title = {Integration of heterogeneous databases without common domains using queries based on textual similarity},
	Volume = {27},
	Year = {1998}}

@article{Salton:1975,
	Acmid = {361220},
	Address = {New York, NY, USA},
	Author = {Salton, G. and Wong, A. and Yang, C. S.},
	Date-Added = {2014-07-30 09:37:32 +0000},
	Date-Modified = {2014-07-30 09:37:32 +0000},
	Doi = {10.1145/361219.361220},
	Issn = {0001-0782},
	Issue_Date = {Nov. 1975},
	Journal = {Commun. ACM},
	Keywords = {automatic indexing, automatic information retrieval, content analysis, document space},
	Month = nov,
	Number = {11},
	Numpages = {8},
	Pages = {613--620},
	Publisher = {ACM},
	Title = {A Vector Space Model for Automatic Indexing},
	Url = {http://doi.acm.org/10.1145/361219.361220},
	Volume = {18},
	Year = {1975},
	Bdsk-Url-1 = {http://doi.acm.org/10.1145/361219.361220},
	Bdsk-Url-2 = {http://dx.doi.org/10.1145/361219.361220}}

@webpage{webdatacommonsTable,
	Date-Added = {2014-07-30 07:26:36 +0000},
	Date-Modified = {2014-07-30 07:26:49 +0000},
	Lastchecked = {Mittwoch, 30. Juli 2014},
	Title = {http://webdatacommons.org/webtables/index.html},
	Bdsk-Url-1 = {http://webdatacommons.org/webtables/index.html}}

@webpage{webdatacommons,
	Date-Added = {2014-07-30 07:26:08 +0000},
	Date-Modified = {2014-07-30 07:26:20 +0000},
	Lastchecked = {Mittwoch, 30. Juli 2014},
	Title = {http://webdatacommons.org/},
	Bdsk-Url-1 = {http://webdatacommons.org/}}

@book{euzenat2013d,
	Address = {Heidelberg (DE)},
	Author = {J\'er\^ome Euzenat and Pavel Shvaiko},
	Date-Added = {2014-07-30 07:17:50 +0000},
	Date-Modified = {2014-07-30 07:17:50 +0000},
	Edition = {2nd},
	Language = {english},
	Page = 520,
	Publisher = {Springer-Verlag},
	Title = {Ontology matching},
	Year = 2013}

@article{Batini:1986,
	Acmid = {27634},
	Address = {New York, NY, USA},
	Author = {Batini, C. and Lenzerini, M. and Navathe, S. B.},
	Date-Added = {2014-07-30 07:12:14 +0000},
	Date-Modified = {2014-07-30 07:12:44 +0000},
	Doi = {10.1145/27633.27634},
	Issn = {0360-0300},
	Issue_Date = {Dec. 1986},
	Journal = {ACM Comput. Surv.},
	Month = dec,
	Number = {4},
	Numpages = {42},
	Pages = {323--364},
	Publisher = {ACM},
	Title = {A Comparative Analysis of Methodologies for Database Schema Integration},
	Url = {http://doi.acm.org/10.1145/27633.27634},
	Volume = {18},
	Year = {1986},
	Bdsk-Url-1 = {http://doi.acm.org/10.1145/27633.27634},
	Bdsk-Url-2 = {http://dx.doi.org/10.1145/27633.27634}}

@incollection{Rahm:2011aa,
	Author = {Rahm, Erhard},
	Booktitle = {Schema Matching and Mapping},
	Date-Added = {2014-07-27 19:25:55 +0000},
	Date-Modified = {2014-07-27 19:25:57 +0000},
	Doi = {10.1007/978-3-642-16518-4_1},
	Editor = {Bellahsene, Zohra and Bonifati, Angela and Rahm, Erhard},
	Isbn = {978-3-642-16517-7},
	Language = {English},
	Pages = {3-27},
	Publisher = {Springer Berlin Heidelberg},
	Series = {Data-Centric Systems and Applications},
	Title = {Towards Large-Scale Schema and Ontology Matching},
	Url = {http://dx.doi.org/10.1007/978-3-642-16518-4_1},
	Year = {2011},
	Bdsk-Url-1 = {http://dx.doi.org/10.1007/978-3-642-16518-4_1}}

@article{Gal:2006:WSM:1228268.1228269,
	Acmid = {1228269},
	Address = {New York, NY, USA},
	Author = {Gal, Avigdor},
	Date-Added = {2014-07-27 19:23:43 +0000},
	Date-Modified = {2014-07-27 19:23:43 +0000},
	Doi = {10.1145/1228268.1228269},
	Issn = {0163-5808},
	Issue_Date = {December 2006},
	Journal = {SIGMOD Rec.},
	Month = dec,
	Number = {4},
	Numpages = {4},
	Pages = {2--5},
	Publisher = {ACM},
	Title = {Why is Schema Matching Tough and What Can We Do About It?},
	Url = {http://doi.acm.org/10.1145/1228268.1228269},
	Volume = {35},
	Year = {2006},
	Bdsk-Url-1 = {http://doi.acm.org/10.1145/1228268.1228269},
	Bdsk-Url-2 = {http://dx.doi.org/10.1145/1228268.1228269}}

@inproceedings{madhavan2001generic,
	Author = {Madhavan, Jayant and Bernstein, Philip A and Rahm, Erhard},
	Booktitle = {VLDB},
	Date-Added = {2014-07-27 19:22:28 +0000},
	Date-Modified = {2014-07-27 19:22:28 +0000},
	Pages = {49--58},
	Title = {Generic schema matching with cupid},
	Volume = {1},
	Year = {2001}}

@inproceedings{bilke2005schema,
	Author = {Bilke, Alexander and Naumann, Felix},
	Booktitle = {Data Engineering, 2005. ICDE 2005. Proceedings. 21st International Conference on},
	Date-Added = {2014-07-27 19:22:09 +0000},
	Date-Modified = {2014-07-27 19:22:09 +0000},
	Organization = {IEEE},
	Pages = {69--80},
	Title = {Schema matching using duplicates},
	Year = {2005}}

@article{budanitsky2006evaluating,
	Author = {Budanitsky, Alexander and Hirst, Graeme},
	Date-Added = {2014-07-27 19:21:33 +0000},
	Date-Modified = {2014-07-27 19:21:33 +0000},
	Journal = {Computational Linguistics},
	Number = {1},
	Pages = {13--47},
	Publisher = {MIT Press},
	Title = {Evaluating wordnet-based measures of lexical semantic relatedness},
	Volume = {32},
	Year = {2006}}

@incollection{shvaiko2005survey,
	Author = {Shvaiko, Pavel and Euzenat, J{\'e}r{\^o}me},
	Booktitle = {Journal on Data Semantics IV},
	Date-Added = {2014-07-27 19:20:45 +0000},
	Date-Modified = {2014-07-27 19:20:45 +0000},
	Pages = {146--171},
	Publisher = {Springer},
	Title = {A survey of schema-based matching approaches},
	Year = {2005}}

@article{rahm2001survey,
	Author = {Rahm, Erhard and Bernstein, Philip A},
	Date-Added = {2014-07-27 19:20:26 +0000},
	Date-Modified = {2014-07-27 19:20:26 +0000},
	Journal = {the VLDB Journal},
	Number = {4},
	Pages = {334--350},
	Publisher = {Springer},
	Title = {A survey of approaches to automatic schema matching},
	Volume = {10},
	Year = {2001}}

@article{Do2007857,
	Author = {Hong-Hai Do and Erhard Rahm},
	Date-Added = {2014-07-27 19:20:07 +0000},
	Date-Modified = {2014-08-02 10:43:47 +0000},
	Doi = {http://dx.doi.org/10.1016/j.is.2006.09.002},
	Issn = {0306-4379},
	Journal = {Information Systems},
	Number = {6},
	Pages = {857 - 885},
	Title = {Matching large schemas: Approaches and evaluation},
	Volume = {32},
	Year = {2007},
	Bdsk-Url-1 = {http://www.sciencedirect.com/science/article/pii/S0306437906000780},
	Bdsk-Url-2 = {http://dx.doi.org/10.1016/j.is.2006.09.002}}

@inproceedings{cohen2003comparison,
	Author = {Cohen, William and Ravikumar, Pradeep and Fienberg, Stephen},
	Booktitle = {KDD Workshop on Data Cleaning and Object Consolidation},
	Date-Added = {2014-07-27 19:18:31 +0000},
	Date-Modified = {2014-07-27 19:18:31 +0000},
	Pages = {73--78},
	Title = {A comparison of string metrics for matching names and records},
	Volume = {3},
	Year = {2003}}

@incollection{Giunchiglia:2004aa,
	Author = {Giunchiglia, Fausto and Shvaiko, Pavel and Yatskevich, Mikalai},
	Booktitle = {The Semantic Web: Research and Applications},
	Date-Added = {2014-07-27 19:17:15 +0000},
	Date-Modified = {2014-07-27 19:17:20 +0000},
	Doi = {10.1007/978-3-540-25956-5_5},
	Editor = {Bussler, ChristophJ. and Davies, John and Fensel, Dieter and Studer, Rudi},
	Isbn = {978-3-540-21999-6},
	Language = {English},
	Pages = {61-75},
	Publisher = {Springer Berlin Heidelberg},
	Series = {Lecture Notes in Computer Science},
	Title = {S-Match: an Algorithm and an Implementation of Semantic Matching},
	Url = {http://dx.doi.org/10.1007/978-3-540-25956-5_5},
	Volume = {3053},
	Year = {2004},
	Bdsk-Url-1 = {http://dx.doi.org/10.1007/978-3-540-25956-5_5}}

@inproceedings{yatskevich2004element,
	Author = {Yatskevich, Mikalai and Giunchiglia, Fausto},
	Booktitle = {Meaning Coordination and Negotiation Workshop, ISWC},
	Date-Added = {2014-07-27 19:16:27 +0000},
	Date-Modified = {2014-07-27 19:16:27 +0000},
	Title = {Element level semantic matching using WordNet},
	Year = {2004}}

@article{jiang1997semantic,
	Author = {Jiang, Jay J and Conrath, David W},
	Date-Added = {2014-07-27 19:12:51 +0000},
	Date-Modified = {2014-07-27 19:12:51 +0000},
	Journal = {arXiv preprint cmp-lg/9709008},
	Title = {Semantic similarity based on corpus statistics and lexical taxonomy},
	Year = {1997}}
